@book{bernard1957,
  author    = {Claude Bernard},
  title     = {An Introduction to the Study of Experimental Medicine},
  year      = {1957},
  origyear  = {1865},
  translator= {H. C. Greene},
  publisher = {Dover},
  address   = {New York}
}

@book{mason1974,
  author    = {Karen O. Mason},
  title     = {Women's Labor Force Participation and Fertility},
  year      = {1974},
  publisher = {National Institutes of Health},
  address   = {Research Triangle Park, NC}
}

@book{usbc1960,
  author    = {U.S. Bureau of the Census},
  title     = {Characteristics of Population, Vol. 1},
  year      = {1960},
  publisher = {U.S. Government Printing Office},
  address   = {Washington, DC}
}

@article{goodman1947a,
  author    = {Leo A. Goodman},
  title     = {The Analysis of Systems of Qualitative Variables When Some of the Variables Are Unobservable. Part I—A Modified Latent Structure Approach},
  journal   = {American Journal of Sociology},
  year      = {1947},
  volume    = {79},
  number    = {5},
  pages     = {1179--1259}
}

@article{goodman1947b,
  author    = {Leo A. Goodman},
  title     = {Exploratory Latent Structure Analysis Using Both Identifiable and Unidentifiable Models},
  journal   = {Biometrika},
  year      = {1947},
  volume    = {61},
  number    = {2},
  pages     = {215--231}
}

@article{szelenyiForthcoming,
  author    = {Szonja Szelényi and Jacqueline Olvera},
  title     = {The Declining Significance of Class: Does Gender Complicate the Story?},
  journal   = {Theory and Society},
  year      = {Forthcoming}
}

@incollection{sampson1992,
  author    = {Robert J. Sampson},
  title     = {Family Management and Child Development: Insights from Social Disorganization Theory},
  booktitle = {Advances in Criminology Theory, Vol. 3, Facts, Frameworks, and Forecasts},
  editor    = {J. McCord},
  year      = {1992},
  pages     = {63--93},
  publisher = {Transaction},
  address   = {New Brunswick, NJ}
}

@phdthesis{charles1990,
  author    = {Maria Charles},
  title     = {Occupational Sex Segregation: A Log-Linear Analysis of Patterns in 25 Industrial Countries},
  year      = {1990},
  school    = {Stanford University},
  address   = {Stanford, CA},
  type      = {PhD dissertation},
  department= {Department of Sociology}
}

@misc{asa1997,
  author    = {American Sociological Association},
  title     = {Call for Help: Social Science Knowledge on Race, Racism, and Race Relations},
  year      = {1997},
  note      = {ASA Action Alert, October 15},
  publisher = {American Sociological Association},
  address   = {Washington, DC},
  url       = {http://www.asanet.org/racecall.htm}
}

@article{kao2003,
  author    = {Grace Kao and Jennifer Thompson},
  title     = {Racial and Ethnic Stratification in Educational Achievement and Attainment},
  journal   = {Annual Review of Sociology},
  year      = {2003},
  volume    = {29},
  pages     = {417--442},
  url       = {http://arjournals.annualreviews.org/doi/abs/10.1146/annurev.soc.29.010202.100019}
}

@data{deschenes2000,
  author    = {Elizabeth Piper Deschenes and Susan Turner and Joan Petersilia},
  title     = {Intensive Community Supervision in Minnesota, 1990–1992: A Dual Experiment in Prison Diversion and Enhanced Supervised Release [Computer file]},
  year      = {2000},
  publisher = {Inter-university Consortium for Political and Social Research [distributor]},
  address   = {Ann Arbor, MI},
  doi       = {10.3886/ICPSR06849}
}

% Edge case: Same author, same year, different titles (should get a/b postfix)
@article{smith2020a,
  author    = {John Smith},
  title     = {Sociology and Society},
  year      = {2020},
  journal   = {Journal of Sociology},
  volume    = {10},
  number    = {1},
  pages     = {1--10}
}

@article{smith2020b,
  author    = {John Smith},
  title     = {Culture and Change},
  year      = {2020},
  journal   = {Cultural Review},
  volume    = {5},
  number    = {2},
  pages     = {20--30}
}

% Edge case: No date (should display n.d.)
@book{doe_nodate,
  author    = {Jane Doe},
  title     = {The Unknown Year},
  publisher = {Mystery Press},
  address   = {Nowhere},
  year      = {n.d.}
}

% Edge case: Same author, same year, different types (book and article)
@book{smith2020c,
  author    = {John Smith},
  title     = {Theory of Action},
  year      = {2020},
  publisher = {Academic Books},
  address   = {New York}
}

% Edge case: Authors with same surname, different initials (should not be merged)
@article{lee2021a,
  author    = {Alex Lee},
  title     = {Urbanization Trends},
  year      = {2021},
  journal   = {Urban Studies},
  volume    = {15},
  number    = {3},
  pages     = {100--110}
}

@article{lee2021b,
  author    = {Alice Lee},
  title     = {Rural Development},
  year      = {2021},
  journal   = {Rural Review},
  volume    = {8},
  number    = {1},
  pages     = {50--60}
}

% Edge case: Institutional author and personal author, check sorting
@book{who2022,
  author    = {World Health Organization},
  title     = {Global Health Report},
  year      = {2022},
  publisher = {WHO Press},
  address   = {Geneva}
}

@book{brown2022,
  author    = {Charlie Brown},
  title     = {Peanuts and Sociology},
  year      = {2022},
  publisher = {Cartoon Press},
  address   = {Minneapolis}
} 